@patent{patent_cremer_may2021,
author = {Markus Cremer and Robert Coover and Zafar Rafii and Aneesh Vartakavi and Andreas Schmidt and Todd Hodges},
title = {\href{https://patentimages.storage.googleapis.com/b5/81/6d/3bcfdd58f424f4/US20210160975A1.pdf}{Methods and Apparatus to Control Lighting Effects}},
number = {16/698,697},
year = {2021},
month = {5},
url = {},
}

@patent{patent_rafii_may2021,
author = {Zafar Rafii},
title = {\href{https://patentimages.storage.googleapis.com/dd/e2/e2/afca9128f63229/US20210151021A1.pdf}{Methods and Apparatus to Extract a Pitch-independent Timbre Attribute from a Media Signal}},
number = {16/698,697},
year = {2021},
month = {5},
}

@patent{patent_cremer_feb2021,
author = {Markus Cremer and Zafar Rafii and Robert Coover and Prem Seetharaman},
title = {\href{https://patentimages.storage.googleapis.com/93/c1/06/189d3d4dbfc425/US20210034665A1.pdf}{Automated Cover Song Identification}},
number = {17/065,479},
year = {2021},
month = {2},
}

@patent{patent_rafii_jan2021,
author = {Zafar Rafii and Markus Cremer and Bongjun Kim},
title = {\href{https://patentimages.storage.googleapis.com/ad/b0/0d/ea65ca2a82d717/US20210027792A1.pdf}{Methods, Apparatus and Articles of Manufacture to Identify Sources of Network Streaming Services}},
number = {16/984,091},
year = {2021},
month = {1},
}

@patent{patent_rafii_dec2020,
author = {Zafar Rafii},
title = {\href{https://patentimages.storage.googleapis.com/0a/d0/4c/5b81afb8e9d5bc/US20200408874A1.pdf}{Methods and Apparatus to Improve Detection of Audio Signatures}},
number = {16/455,025},
year = {2020},
month = {12},
}

@patent{patent_rafii_oct20202,
author = {Zafar Rafii and Prem Seetharaman},
title = {\href{https://patentimages.storage.googleapis.com/cf/91/fb/868eaf693abfd0/US20200342024A1.pdf}{Audio Identification based on Data Structure}},
number = {16/927,577},
year = {2020},
month = {10},
}

@patent{patent_rafii_oct2020,
author = {Zafar Rafii},
title = {\href{https://patentimages.storage.googleapis.com/bc/30/b2/ebd180d30fba95/US20200327159A1.pdf}{Audio Matching based on Harmonogram}},
number = {16/913,162},
year = {2020},
month = {10},
}

@patent{patent_rafii_jul20202,
author = {Zafar Rafii},
title = {\href{https://patentimages.storage.googleapis.com/c6/eb/89/e04a9c8aa23f59/US10726852.pdf}{Methods and Apparatus to Perform Windowed Sliding Transforms}},
number = {15/899,220},
year = {2020},
month = {7},
}

@patent{patent_rafii_jul2020,
author = {Zafar Rafii and Markus Cremer and Bongjun Kim},
title = {\href{https://patentimages.storage.googleapis.com/b0/bc/98/3294fe0c5075ab/US20200234722A1.pdf}{Methods and Apparatus to Identify Sources of Network Streaming Services using Windowed Sliding Transforms}},
number = {16/843,582},
year = {2020},
month = {7},
}

@patent{patent_coover_mar2020,
author = {Rober Coover and Zafar Rafii},
title = {\href{https://patentimages.storage.googleapis.com/b1/02/aa/f46b2ab7b4f541/US20200082835A1.pdf}{Methods and Apparatus to Fingerprint an Audio Signal via Normalization}},
number = {16/453,654},
year = {2020},
month = {3},
}

@patent{patent_pardo_jul2015,
author = {Bryan Pardo and Zafar Rafii},
title = {\href{https://patentimages.storage.googleapis.com/aa/f7/10/b6522f557d3dd8/US9093056.pdf}{Audio Separation System and Method}},
number = {13/612,413},
year = {2015},
month = {7},
}

@article{article_rafii_nov2018,
author = {Zafar Rafii},
title = {\href{Journals/Rafii - Sliding Discrete Fourier Transform with Kernel Windowing - 2018}{Sliding Discrete Fourier Transform with Kernel Windowing}},
journaltitle = {IEEE Signal Processing Magazine},
year = {2018},
volume = {35},
number = {6},
month = {11},
}


@inproceedings{vartakavi21,
  author = {Aneesh Vartakavi and Amanmeet Garg and Zafar Rafii},
  title = {Audio Summarization for Podcasts},
  booktitle = {29th European Signal Processing Conference},
  year = {2021},
}